@article{haralick1985image,
  title={Image segmentation techniques},
  author={Haralick, Robert M and Shapiro, Linda G},
  journal={Computer vision, graphics, and image processing},
  volume={29},
  number={1},
  pages={100--132},
  year={1985},
  publisher={Elsevier}
}

@article{Hafiz_2020,
   title={A survey on instance segmentation: state of the art},
   volume={9},
   ISSN={2192-662X},
   url={http://dx.doi.org/10.1007/s13735-020-00195-x},
   DOI={10.1007/s13735-020-00195-x},
   number={3},
   journal={International Journal of Multimedia Information Retrieval},
   publisher={Springer Science and Business Media LLC},
   author={Hafiz, Abdul Mueed and Bhat, Ghulam Mohiuddin},
   year={2020},
   month={Jul},
   pages={171–189}
}

@misc{wu2019detectron2,
  author =       {Yuxin Wu and Alexander Kirillov and Francisco Massa and
                  Wan-Yen Lo and Ross Girshick},
  title =        {Detectron2},
  howpublished = {\url{https://github.com/facebookresearch/detectron2}},
  year =         {2019}
}

@article{He_2017,
   title={Mask R-CNN},
   ISBN={9781538610329},
   url={http://dx.doi.org/10.1109/ICCV.2017.322},
   DOI={10.1109/iccv.2017.322},
   journal={2017 IEEE International Conference on Computer Vision (ICCV)},
   publisher={IEEE},
   author={He, Kaiming and Gkioxari, Georgia and Dollar, Piotr and Girshick, Ross},
   year={2017},
   month={Oct}
}

@article{pan2009survey,
  title={A survey on transfer learning},
  author={Pan, Sinno Jialin and Yang, Qiang},
  journal={IEEE Transactions on knowledge and data engineering},
  volume={22},
  number={10},
  pages={1345--1359},
  year={2009},
  publisher={IEEE}
}

@article{Lin_2014,
   title={Microsoft COCO: Common Objects in Context},
   ISBN={9783319106021},
   ISSN={1611-3349},
   url={http://dx.doi.org/10.1007/978-3-319-10602-1_48},
   DOI={10.1007/978-3-319-10602-1_48},
   journal={Lecture Notes in Computer Science},
   publisher={Springer International Publishing},
   author={Lin, Tsung-Yi and Maire, Michael and Belongie, Serge and Hays, James and Perona, Pietro and Ramanan, Deva and Dollár, Piotr and Zitnick, C. Lawrence},
   year={2014},
   pages={740–755}
}
